<?xml version="1.0" encoding="UTF-8"?><collection xmlns="http://www.loc.gov/MARC21/slim"><record><leader>00568nam--2200193-u-4500</leader><controlfield tag="001">000055781</controlfield><controlfield tag="002">20161230</controlfield><controlfield tag="005">20161230201052</controlfield><controlfield tag="008">130417s1000------------r-----000-0-fre-d</controlfield><datafield ind1=" " ind2=" " tag="040"><subfield code="a">IFIN-HH</subfield></datafield><datafield ind1=" " ind2=" " tag="041"><subfield code="a">fre</subfield></datafield><datafield ind1=" " ind2=" " tag="080"><subfield code="a">517.1/.3</subfield></datafield><datafield ind1="1" ind2=" " tag="100"><subfield code="a">Granville, William Anthony</subfield></datafield><datafield ind1="1" ind2="0" tag="245"><subfield code="a">Elements de calcul differentiel et integral</subfield><subfield code="b">En collaboration avec percey f. smith. traduit de l'anglais par a.-a.-m. sallin</subfield></datafield><datafield ind1=" " ind2=" " tag="250"><subfield code="a">Edition Revue</subfield></datafield><datafield ind1=" " ind2=" " tag="260"><subfield code="a">Paris</subfield><subfield code="b">Librairie Vuibert</subfield><subfield code="c">1926</subfield></datafield><datafield ind1=" " ind2=" " tag="300"><subfield code="a">VI+548P</subfield></datafield><datafield ind1=" " ind2=" " tag="852"><subfield code="a">72061</subfield><subfield code="c">H.H</subfield></datafield><datafield ind1=" " ind2=" " tag="CAT"><subfield code="a">Sys</subfield><subfield code="c">20130417</subfield><subfield code="h">173333</subfield></datafield></record></collection>